@misc{zabbix_download,
	title = "\href{https://www.zabbix.com/download?}{Zabbix download}",
}
@misc{zabbix_frontend,
	title = "\href{https://www.zabbix.com/documentation/5.0/manual/installation/frontend}{Zabbix frontend installation}",
}
@misc{dashboard_widgets,
	title = "\href{https://www.zabbix.com/documentation/5.4/en/manual/web_interface/frontend_sections/monitoring/dashboard/widgets}{Zabbix dashboard widgets}",
}
@misc{ansible,
	title = "href{https://www.digitalocean.com/community/tutorials/how-to-install-and-configure-ansible-on-ubuntu-20-04-es}{How to install and configure ansible}",
}
@misc{playbooks,
	title = "\href{https://www.youtube.com/watch?v=Wuv0ZPOMLf0}{How to do ansible playbooks}",
}
